@article{o2007star,
  title={The star schema benchmark (SSB)},
  author={ONeil, Patrick E and ONeil, Elizabeth J and Chen, Xuedong},
  journal={Pat},
  year={2007}
}
@article{wagner1959integer,
  title={An integer linear-programming model for machine scheduling},
  author={Wagner, Harvey M},
  journal={Naval Research Logistics Quarterly},
  volume={6},
  number={2},
  pages={131--140},
  year={1959},
  publisher={Wiley Online Library}
}
@article{hoitomt1990scheduling,
  title={Scheduling jobs with simple precedence constraints on parallel machines},
  author={Hoitomt, Debra J and Luh, Peter B and Max, Eric and Pattipati, Krishna R},
  journal={IEEE Control Systems Magazine},
  volume={10},
  number={2},
  pages={34--40},
  year={1990},
  publisher={IEEE}
}
@article{luh1990schedule,
  title={Schedule generation and reconfiguration for parallel machines},
  author={Luh, Peter B and Hoitomt, Debra J and Max, Eric and Pattipati, Krishna R},
  journal={IEEE Transactions on Robotics and Automation},
  volume={6},
  number={6},
  pages={687--696},
  year={1990},
  publisher={IEEE}
}
@inproceedings{luh1988parallel,
  title={Parallel machine scheduling using Lagrangian relaxation},
  author={Luh, Peter B and Hoitomt, Debra J and Max, Eric and Pattipati, Krishna R},
  booktitle={Computer Integrated Manufacturing, 1988., International Conference on},
  pages={244--248},
  year={1988},
  organization={IEEE}
}
@article{lenstra1978complexity,
  title={Complexity of scheduling under precedence constraints},
  author={Lenstra, Jan Karel and Rinnooy Kan, AHG},
  journal={Operations Research},
  volume={26},
  number={1},
  pages={22--35},
  year={1978},
  publisher={INFORMS}
}