@article{o2007star,
  title={The star schema benchmark (SSB)},
  author={ONeil, Patrick E and ONeil, Elizabeth J and Chen, Xuedong},
  journal={Pat},
  year={2007}
}